# Software re-use

@article{cox2019surviving,
  title={Surviving software dependencies},
  author={Cox, Russ},
  journal={Communications of the ACM},
  volume={62},
  number={9},
  pages={36--43},
  year={2019},
  publisher={ACM}
}

@book{jacobson1997software,
	title={Software reuse: architecture process and organization for business success},
	author={Jacobson, Ivar and Griss, Martin and Jonsson, Patrik},
	volume={285},
	year={1997},
	publisher={acm Press New York}
}

@article{frakes2005software,
	title={Software reuse research: Status and future},
	author={Frakes, William B and Kang, Kyo},
	journal={IEEE transactions on Software Engineering},
	volume={31},
	number={7},
	pages={529--536},
	year={2005},
	publisher={Ieee}
}

@article{standish1984essay,
	title={An essay on software reuse},
	author={Standish, Thomas A},
	journal={IEEE Transactions on Software Engineering},
	number={5},
	pages={494--497},
	year={1984},
	publisher={IEEE}
}

@book{reifer1997practical,
	title={Practical software reuse},
	author={Reifer, Donald J},
	year={1997},
	publisher={John Wiley \& Sons, Inc.}
}

@inproceedings{rajlich2014software,
	title={Software evolution and maintenance},
	author={Rajlich, V{\'a}clav},
	booktitle={Proceedings of the on Future of Software Engineering},
	pages={133--144},
	year={2014},
	organization={ACM}
}

@inproceedings{zacchiroli2011debian,
	title={Debian: 18 years of free software, do-ocracy, and democracy},
	author={Zacchiroli, Stefano},
	booktitle={Proceedings of the 2011 Workshop on Open Source and Design of Communication; New York, NY, USA: ACM},
	pages={87--87},
	year={2011}
}

@misc{reusedreamdead,
	title={Reuse: Is the Dream Dead?},
	url={https://dzone.com/articles/reuse-dream-dead}
}